@article{n2n,
  
  author = {Lehtinen, Jaakko and Munkberg, Jacob and Hasselgren, Jon and Laine, Samuli and Karras, Tero and Aittala, Miika and Aila, Timo},
  
  
  title = {Noise2Noise: Learning Image Restoration without Clean Data},
  
  publisher = {arXiv},
  
  year = {2018},
  
}
