@article{Can2018,
author = {Can, A. and Aumond, P.},
journal = {Transportation Research Part D: Transport and Environment},
mendeley-groups = {Emission noise model},
number = {December 2017},
pages = {155--171},
title = {{Estimation of road traffic noise emissions: The influence of speed and acceleration}},
volume = {58},
year = {2018}
}
@article{Hamet2010,
author = {Hamet, Jean Francois and Besnard, Francis and Doisy, Sonia and Lelong, Jo{\"{e}}l and {Le Duc}, Emmanuel},
journal = {Applied Acoustics},
number = {9},
pages = {861--869},
title = {{New vehicle noise emission for French traffic noise prediction}},
volume = {71},
year = {2010}
}
@article{Box2004,
author = {Box, P O},
journal = {Source},
pages = {4--5},
title = {{Improved Methods for the Assessment of the Generic Impact of Noise in the Environment IMAGINE – State of the Art}},
year = {2004}
}
@book{Kephalopoulos2012,
author = {Kephalopoulos, Stylianos and Paviotti, Marco and Anfosso-L{\'{e}}d{\'{e}}e, Fabienne},
title = {{Common Noise Assessment Methods in Europe (CNOSSOS-EU). Luksemburg. Publications Office of the European Union publishing}},
year = {2012}
}

@misc{Pop_in_cities,
  title = {Archive:Urban Europe — statistics on cities, towns and suburbs — patterns of urban and city developments},
  howpublished = {\url{https://ec.europa.eu/eurostat/statistics-explained/index.php?title=Archive:Urban_Europe_—_statistics_on_cities,_towns_and_suburbs_—_patterns_of_urban_and_city_developments&oldid=298141}},
  note = {Accessed: 2022-06-24}
}

@misc{Cities_with_more_than_100_habs,
  title = {List of cities in the European Union with more than 100,000 inhabitants},
  howpublished = {\url{https://list.fandom.com/wiki/List_of_cities_in_the_European_Union_with_more_than_100,000_inhabitants}},
  note = {Accessed: 2022-06-24}
}

@misc{European_city_density,
  title = {European Cities by Population Density of Urban Area},
  howpublished = {\url{https://www.stockingblue.com/article/1011/european-cities-by-population-density-of-urban-area/}},
  note = {Accessed: 2022-06-24}
}

@misc{Noise_emissions_effects,
  title = {Noise pollution: how to reduce the impact of an invisible threat?},
  howpublished = {\url{https://www.iberdrola.com/sustainability/what-is-noise-pollution-causes-effects-solutions}},
  note = {Accessed: 2022-06-24}
}

@misc{Noise_emissions_definition,
  title = {noise emissions definition},
  howpublished = {\url{https://www.collinsdictionary.com/dictionary/english/noise-emissions}},
  note = {Accessed: 2022-06-24}
}

@misc{Mesure_noise_emissions,
  title = {How do you measure noise levels?},
  howpublished = {\url{https://www.commodious.co.uk/knowledge-bank/noise/measuring-levels}},
  note = {Accessed: 2022-06-24}
}

@misc{Pneuma_data_set,
  title = {Pneuma data set},
  howpublished = {\url{https://open-traffic.epfl.ch}},
  note = {Accessed: 2022-06-24}
}

