@misc{YOLOv5doc,
    author={Glenn Jocher},
    title={{YOLOv5} Documentation},
    url={https://docs.ultralytics.com/},
    note={Accessed Apr. 10, 2022},
}

@inproceedings{wojke2017simple,
  title={Simple online and realtime tracking with a deep association metric},
  author={Wojke, Nicolai and Bewley, Alex and Paulus, Dietrich},
  booktitle={Proc. IEEE ICIP},
  pages={3645--3649},
  year={2017},
}