@misc{YOLOv5doc,
    author={Glenn Jocher},
    title={{YOLOv5} Documentation},
    url={https://docs.ultralytics.com/},
    note={Accessed Apr. 10, 2022},
}
@misc{nuplan,
  
  author = {Caesar, Holger and Kabzan, Juraj and Tan, Kok Seang and Fong, Whye Kit and Wolff, Eric and Lang, Alex and Fletcher, Luke and Beijbom, Oscar and Omari, Sammy},
  

  title = {NuPlan: A closed-loop ML-based planning benchmark for autonomous vehicles},
 
  
  year = {2021},

}

@misc{Raster,
  
  author = {He, Kaiming and Zhang, Xiangyu and Ren, Shaoqing and Sun, Jian},
  
  
  title = {Deep Residual Learning for Image Recognition},
  
  
  
  year = {2015},
  
}

@misc{LaneGCN,
  

  
  author = {Liang, Ming and Yang, Bin and Hu, Rui and Chen, Yun and Liao, Renjie and Feng, Song and Urtasun, Raquel},
  
  title = {Learning Lane Graph Representations for Motion Forecasting},
  
  publisher = {arXiv},
  
  year = {2020},
}

@misc{VIT,
    title   = {An Image is Worth 16x16 Words: Transformers for Image Recognition at Scale},
    author  = {Alexey Dosovitskiy and Lucas Beyer and Alexander Kolesnikov and Dirk Weissenborn and Xiaohua Zhai and Thomas Unterthiner and Mostafa Dehghani and Matthias Minderer and Georg Heigold and Sylvain Gelly and Jakob Uszkoreit and Neil Houlsby},
    year    = {2020},
    
}